@Article{stringtheory98,
    author	= {J. Polchinski},
    year	= {1998},
    title	= {String Theory , Cambridge University Press}
}

@Article{Riemann1859,
    author	= {B. Riemann},
    year	= {1859},
    title	= {Ber Die Anzahl Der Primzahlen Unter Einer Gegebenen Grosse (sur Le Nombre De Nombres Premiers Plus Petits Qu'une Certaine Valeur) , Ges. Math. Werke Und Wissenschaftlicher Nachla \ss ( \bf 2 ), P. 145--155}
}
